%YAML 1.1
%TAG !u! tag:unity3d.com,2011:
--- !u!1 &253009341062379029
GameObject:
  m_ObjectHideFlags: 0
  m_CorrespondingSourceObject: {fileID: 0}
  m_PrefabInstance: {fileID: 0}
  m_PrefabAsset: {fileID: 0}
  serializedVersion: 6
  m_Component:
  - component: {fileID: 9176915160894625525}
  m_Layer: 0
  m_Name: LeftUpLeg
  m_TagString: Untagged
  m_Icon: {fileID: 0}
  m_NavMeshLayer: 0
  m_StaticEditorFlags: 0
  m_IsActive: 1
--- !u!4 &9176915160894625525
Transform:
  m_ObjectHideFlags: 0
  m_CorrespondingSourceObject: {fileID: 0}
  m_PrefabInstance: {fileID: 0}
  m_PrefabAsset: {fileID: 0}
  m_GameObject: {fileID: 253009341062379029}
  m_LocalRotation: {x: -0.45330656, y: 0.5860644, z: 0.45661858, w: -0.4924847}
  m_LocalPosition: {x: -0.000000004889938, y: 0.08527456, z: 0.000000023342297}
  m_LocalScale: {x: 1, y: 1, z: 1}
  m_Children:
  - {fileID: 7104558756320233903}
  m_Father: {fileID: 3568800166231958109}
  m_RootOrder: 0
  m_LocalEulerAnglesHint: {x: 0, y: 0, z: 0}
--- !u!1 &806137125370238906
GameObject:
  m_ObjectHideFlags: 0
  m_CorrespondingSourceObject: {fileID: 0}
  m_PrefabInstance: {fileID: 0}
  m_PrefabAsset: {fileID: 0}
  serializedVersion: 6
  m_Component:
  - component: {fileID: 1413340079946567898}
  m_Layer: 0
  m_Name: RightFingerBase
  m_TagString: Untagged
  m_Icon: {fileID: 0}
  m_NavMeshLayer: 0
  m_StaticEditorFlags: 0
  m_IsActive: 1
--- !u!4 &1413340079946567898
Transform:
  m_ObjectHideFlags: 0
  m_CorrespondingSourceObject: {fileID: 0}
  m_PrefabInstance: {fileID: 0}
  m_PrefabAsset: {fileID: 0}
  m_GameObject: {fileID: 806137125370238906}
  m_LocalRotation: {x: 0.0806145, y: 0.78419226, z: 0.0661465, w: 0.6116931}
  m_LocalPosition: {x: 0.000000013743604, y: 0.026450159, z: -0.000000012937284}
  m_LocalScale: {x: 1, y: 1, z: 1}
  m_Children:
  - {fileID: 1442459089324095850}
  m_Father: {fileID: 2929399809285279215}
  m_RootOrder: 0
  m_LocalEulerAnglesHint: {x: 0, y: 0, z: 0}
--- !u!1 &889942987266196355
GameObject:
  m_ObjectHideFlags: 0
  m_CorrespondingSourceObject: {fileID: 0}
  m_PrefabInstance: {fileID: 0}
  m_PrefabAsset: {fileID: 0}
  serializedVersion: 6
  m_Component:
  - component: {fileID: 7335838268883700388}
  m_Layer: 0
  m_Name: RightArm
  m_TagString: Untagged
  m_Icon: {fileID: 0}
  m_NavMeshLayer: 0
  m_StaticEditorFlags: 0
  m_IsActive: 1
--- !u!4 &7335838268883700388
Transform:
  m_ObjectHideFlags: 0
  m_CorrespondingSourceObject: {fileID: 0}
  m_PrefabInstance: {fileID: 0}
  m_PrefabAsset: {fileID: 0}
  m_GameObject: {fileID: 889942987266196355}
  m_LocalRotation: {x: -0.005762264, y: 0.0418135, z: -0.30189437, w: 0.9524065}
  m_LocalPosition: {x: 0.000000046080384, y: 0.12184868, z: -0.0000000061443215}
  m_LocalScale: {x: 1, y: 1, z: 1}
  m_Children:
  - {fileID: 8494638092340016550}
  m_Father: {fileID: 4606039306414557410}
  m_RootOrder: 0
  m_LocalEulerAnglesHint: {x: 0, y: 0, z: 0}
--- !u!1 &977461479740318106
GameObject:
  m_ObjectHideFlags: 0
  m_CorrespondingSourceObject: {fileID: 0}
  m_PrefabInstance: {fileID: 0}
  m_PrefabAsset: {fileID: 0}
  serializedVersion: 6
  m_Component:
  - component: {fileID: 1442459089324095850}
  m_Layer: 0
  m_Name: RightHandFinger1
  m_TagString: Untagged
  m_Icon: {fileID: 0}
  m_NavMeshLayer: 0
  m_StaticEditorFlags: 0
  m_IsActive: 1
--- !u!4 &1442459089324095850
Transform:
  m_ObjectHideFlags: 0
  m_CorrespondingSourceObject: {fileID: 0}
  m_PrefabInstance: {fileID: 0}
  m_PrefabAsset: {fileID: 0}
  m_GameObject: {fileID: 977461479740318106}
  m_LocalRotation: {x: 0.12881324, y: -0.004125124, z: -0.050730996, w: 0.9903618}
  m_LocalPosition: {x: 0.0000000036720158, y: 0.059047714, z: 0.000000004910856}
  m_LocalScale: {x: 1, y: 1, z: 1}
  m_Children: []
  m_Father: {fileID: 1413340079946567898}
  m_RootOrder: 0
  m_LocalEulerAnglesHint: {x: 0, y: 0, z: 0}
--- !u!1 &1147575683168359311
GameObject:
  m_ObjectHideFlags: 0
  m_CorrespondingSourceObject: {fileID: 0}
  m_PrefabInstance: {fileID: 0}
  m_PrefabAsset: {fileID: 0}
  serializedVersion: 6
  m_Component:
  - component: {fileID: 8494638092340016550}
  m_Layer: 0
  m_Name: RightForeArm
  m_TagString: Untagged
  m_Icon: {fileID: 0}
  m_NavMeshLayer: 0
  m_StaticEditorFlags: 0
  m_IsActive: 1
--- !u!4 &8494638092340016550
Transform:
  m_ObjectHideFlags: 0
  m_CorrespondingSourceObject: {fileID: 0}
  m_PrefabInstance: {fileID: 0}
  m_PrefabAsset: {fileID: 0}
  m_GameObject: {fileID: 1147575683168359311}
  m_LocalRotation: {x: 0.38566986, y: -0.0033355693, z: -0.0076237507, w: 0.9225993}
  m_LocalPosition: {x: -0.0000000013180662, y: 0.18457077, z: 2.0862306e-10}
  m_LocalScale: {x: 1, y: 1, z: 1}
  m_Children:
  - {fileID: 2929399809285279215}
  m_Father: {fileID: 7335838268883700388}
  m_RootOrder: 0
  m_LocalEulerAnglesHint: {x: 0, y: 0, z: 0}
--- !u!1 &1193300240095115863
GameObject:
  m_ObjectHideFlags: 0
  m_CorrespondingSourceObject: {fileID: 0}
  m_PrefabInstance: {fileID: 0}
  m_PrefabAsset: {fileID: 0}
  serializedVersion: 6
  m_Component:
  - component: {fileID: 3568800166231958109}
  m_Layer: 0
  m_Name: LHipJoint
  m_TagString: Untagged
  m_Icon: {fileID: 0}
  m_NavMeshLayer: 0
  m_StaticEditorFlags: 0
  m_IsActive: 1
--- !u!4 &3568800166231958109
Transform:
  m_ObjectHideFlags: 0
  m_CorrespondingSourceObject: {fileID: 0}
  m_PrefabInstance: {fileID: 0}
  m_PrefabAsset: {fileID: 0}
  m_GameObject: {fileID: 1193300240095115863}
  m_LocalRotation: {x: -0.54710764, y: 0.54906374, z: -0.47306153, w: -0.41882578}
  m_LocalPosition: {x: -2.0679514e-26, y: 0, z: -4.4408918e-17}
  m_LocalScale: {x: 1, y: 1, z: 1}
  m_Children:
  - {fileID: 9176915160894625525}
  m_Father: {fileID: 1592127071605251465}
  m_RootOrder: 0
  m_LocalEulerAnglesHint: {x: 0, y: 0, z: 0}
--- !u!1 &1342478919556801636
GameObject:
  m_ObjectHideFlags: 0
  m_CorrespondingSourceObject: {fileID: 0}
  m_PrefabInstance: {fileID: 0}
  m_PrefabAsset: {fileID: 0}
  serializedVersion: 6
  m_Component:
  - component: {fileID: 7977244584429919465}
  m_Layer: 0
  m_Name: LowerBack
  m_TagString: Untagged
  m_Icon: {fileID: 0}
  m_NavMeshLayer: 0
  m_StaticEditorFlags: 0
  m_IsActive: 1
--- !u!4 &7977244584429919465
Transform:
  m_ObjectHideFlags: 0
  m_CorrespondingSourceObject: {fileID: 0}
  m_PrefabInstance: {fileID: 0}
  m_PrefabAsset: {fileID: 0}
  m_GameObject: {fileID: 1342478919556801636}
  m_LocalRotation: {x: 0.24221821, y: 8.1798866e-11, z: -2.755551e-10, w: 0.9702218}
  m_LocalPosition: {x: -4.7627914e-18, y: 0.065729596, z: -0.000000009100892}
  m_LocalScale: {x: 1, y: 1, z: 1}
  m_Children:
  - {fileID: 2857316746512234135}
  m_Father: {fileID: 1592127071605251465}
  m_RootOrder: 1
  m_LocalEulerAnglesHint: {x: 0, y: 0, z: 0}
--- !u!1 &2623447447243297932
GameObject:
  m_ObjectHideFlags: 0
  m_CorrespondingSourceObject: {fileID: 0}
  m_PrefabInstance: {fileID: 0}
  m_PrefabAsset: {fileID: 0}
  serializedVersion: 6
  m_Component:
  - component: {fileID: 5650455173036370296}
  m_Layer: 0
  m_Name: RightUpLeg
  m_TagString: Untagged
  m_Icon: {fileID: 0}
  m_NavMeshLayer: 0
  m_StaticEditorFlags: 0
  m_IsActive: 1
--- !u!4 &5650455173036370296
Transform:
  m_ObjectHideFlags: 0
  m_CorrespondingSourceObject: {fileID: 0}
  m_PrefabInstance: {fileID: 0}
  m_PrefabAsset: {fileID: 0}
  m_GameObject: {fileID: 2623447447243297932}
  m_LocalRotation: {x: 0.45330408, y: 0.5860603, z: 0.45662105, w: 0.49248958}
  m_LocalPosition: {x: 0.0000000048919695, y: 0.08527456, z: 0.000000023345049}
  m_LocalScale: {x: 1, y: 1, z: 1}
  m_Children:
  - {fileID: 4397031950379703440}
  m_Father: {fileID: 5074835904304653534}
  m_RootOrder: 0
  m_LocalEulerAnglesHint: {x: 0, y: 0, z: 0}
--- !u!1 &2629490121167283358
GameObject:
  m_ObjectHideFlags: 0
  m_CorrespondingSourceObject: {fileID: 0}
  m_PrefabInstance: {fileID: 0}
  m_PrefabAsset: {fileID: 0}
  serializedVersion: 6
  m_Component:
  - component: {fileID: 1530309671475426353}
  m_Layer: 0
  m_Name: LeftHand
  m_TagString: Untagged
  m_Icon: {fileID: 0}
  m_NavMeshLayer: 0
  m_StaticEditorFlags: 0
  m_IsActive: 1
--- !u!4 &1530309671475426353
Transform:
  m_ObjectHideFlags: 0
  m_CorrespondingSourceObject: {fileID: 0}
  m_PrefabInstance: {fileID: 0}
  m_PrefabAsset: {fileID: 0}
  m_GameObject: {fileID: 2629490121167283358}
  m_LocalRotation: {x: 0.09873789, y: -0.029284954, z: 0.034428764, w: 0.99408644}
  m_LocalPosition: {x: 0.000000037568665, y: 0.18340416, z: 0.00000003638809}
  m_LocalScale: {x: 1, y: 1, z: 1}
  m_Children:
  - {fileID: 6653926807952769846}
  - {fileID: 4010426774789009152}
  m_Father: {fileID: 4550644041300816439}
  m_RootOrder: 0
  m_LocalEulerAnglesHint: {x: 0, y: 0, z: 0}
--- !u!1 &2825006927377645476
GameObject:
  m_ObjectHideFlags: 0
  m_CorrespondingSourceObject: {fileID: 0}
  m_PrefabInstance: {fileID: 0}
  m_PrefabAsset: {fileID: 0}
  serializedVersion: 6
  m_Component:
  - component: {fileID: 2929399809285279215}
  m_Layer: 0
  m_Name: RightHand
  m_TagString: Untagged
  m_Icon: {fileID: 0}
  m_NavMeshLayer: 0
  m_StaticEditorFlags: 0
  m_IsActive: 1
--- !u!4 &2929399809285279215
Transform:
  m_ObjectHideFlags: 0
  m_CorrespondingSourceObject: {fileID: 0}
  m_PrefabInstance: {fileID: 0}
  m_PrefabAsset: {fileID: 0}
  m_GameObject: {fileID: 2825006927377645476}
  m_LocalRotation: {x: 0.09873789, y: 0.029284954, z: -0.034428764, w: 0.99408644}
  m_LocalPosition: {x: -0.000000037568665, y: 0.18340416, z: 0.00000003638809}
  m_LocalScale: {x: 1, y: 1, z: 1}
  m_Children:
  - {fileID: 1413340079946567898}
  - {fileID: 8214203224103236672}
  m_Father: {fileID: 8494638092340016550}
  m_RootOrder: 0
  m_LocalEulerAnglesHint: {x: 0, y: 0, z: 0}
--- !u!1 &3024512558599404612
GameObject:
  m_ObjectHideFlags: 0
  m_CorrespondingSourceObject: {fileID: 0}
  m_PrefabInstance: {fileID: 0}
  m_PrefabAsset: {fileID: 0}
  serializedVersion: 6
  m_Component:
  - component: {fileID: 7104558756320233903}
  m_Layer: 0
  m_Name: LeftLeg
  m_TagString: Untagged
  m_Icon: {fileID: 0}
  m_NavMeshLayer: 0
  m_StaticEditorFlags: 0
  m_IsActive: 1
--- !u!4 &7104558756320233903
Transform:
  m_ObjectHideFlags: 0
  m_CorrespondingSourceObject: {fileID: 0}
  m_PrefabInstance: {fileID: 0}
  m_PrefabAsset: {fileID: 0}
  m_GameObject: {fileID: 3024512558599404612}
  m_LocalRotation: {x: 0.09885512, y: 0.0049059005, z: -0.000736696, w: 0.9950895}
  m_LocalPosition: {x: 9.551114e-10, y: 0.27458248, z: -0.000000001393599}
  m_LocalScale: {x: 1, y: 1, z: 1}
  m_Children:
  - {fileID: 4655898572412073791}
  m_Father: {fileID: 9176915160894625525}
  m_RootOrder: 0
  m_LocalEulerAnglesHint: {x: 0, y: 0, z: 0}
--- !u!1 &3033169429562241551
GameObject:
  m_ObjectHideFlags: 0
  m_CorrespondingSourceObject: {fileID: 0}
  m_PrefabInstance: {fileID: 0}
  m_PrefabAsset: {fileID: 0}
  serializedVersion: 6
  m_Component:
  - component: {fileID: 6653926807952769846}
  m_Layer: 0
  m_Name: LeftFingerBase
  m_TagString: Untagged
  m_Icon: {fileID: 0}
  m_NavMeshLayer: 0
  m_StaticEditorFlags: 0
  m_IsActive: 1
--- !u!4 &6653926807952769846
Transform:
  m_ObjectHideFlags: 0
  m_CorrespondingSourceObject: {fileID: 0}
  m_PrefabInstance: {fileID: 0}
  m_PrefabAsset: {fileID: 0}
  m_GameObject: {fileID: 3033169429562241551}
  m_LocalRotation: {x: 0.0806145, y: -0.78419226, z: -0.0661465, w: 0.6116931}
  m_LocalPosition: {x: -0.000000013743604, y: 0.026450159, z: -0.000000012937284}
  m_LocalScale: {x: 1, y: 1, z: 1}
  m_Children:
  - {fileID: 1961406918763251304}
  m_Father: {fileID: 1530309671475426353}
  m_RootOrder: 0
  m_LocalEulerAnglesHint: {x: 0, y: 0, z: 0}
--- !u!1 &4138318787825009507
GameObject:
  m_ObjectHideFlags: 0
  m_CorrespondingSourceObject: {fileID: 0}
  m_PrefabInstance: {fileID: 0}
  m_PrefabAsset: {fileID: 0}
  serializedVersion: 6
  m_Component:
  - component: {fileID: 13676529470871239}
  m_Layer: 0
  m_Name: RightFoot
  m_TagString: Untagged
  m_Icon: {fileID: 0}
  m_NavMeshLayer: 0
  m_StaticEditorFlags: 0
  m_IsActive: 1
--- !u!4 &13676529470871239
Transform:
  m_ObjectHideFlags: 0
  m_CorrespondingSourceObject: {fileID: 0}
  m_PrefabInstance: {fileID: 0}
  m_PrefabAsset: {fileID: 0}
  m_GameObject: {fileID: 4138318787825009507}
  m_LocalRotation: {x: -0.61646426, y: -0.02628574, z: -0.033524327, w: 0.7862296}
  m_LocalPosition: {x: -3.3807018e-10, y: 0.33163053, z: -0.0000000016429007}
  m_LocalScale: {x: 1, y: 1, z: 1}
  m_Children:
  - {fileID: 1469197133904007559}
  m_Father: {fileID: 4397031950379703440}
  m_RootOrder: 0
  m_LocalEulerAnglesHint: {x: 0, y: 0, z: 0}
--- !u!1 &4405742168672257528
GameObject:
  m_ObjectHideFlags: 0
  m_CorrespondingSourceObject: {fileID: 0}
  m_PrefabInstance: {fileID: 0}
  m_PrefabAsset: {fileID: 0}
  serializedVersion: 6
  m_Component:
  - component: {fileID: 4550644041300816439}
  m_Layer: 0
  m_Name: LeftForeArm
  m_TagString: Untagged
  m_Icon: {fileID: 0}
  m_NavMeshLayer: 0
  m_StaticEditorFlags: 0
  m_IsActive: 1
--- !u!4 &4550644041300816439
Transform:
  m_ObjectHideFlags: 0
  m_CorrespondingSourceObject: {fileID: 0}
  m_PrefabInstance: {fileID: 0}
  m_PrefabAsset: {fileID: 0}
  m_GameObject: {fileID: 4405742168672257528}
  m_LocalRotation: {x: 0.38566986, y: 0.0033355693, z: 0.0076237507, w: 0.9225993}
  m_LocalPosition: {x: 0.0000000013180662, y: 0.18457077, z: 2.0862306e-10}
  m_LocalScale: {x: 1, y: 1, z: 1}
  m_Children:
  - {fileID: 1530309671475426353}
  m_Father: {fileID: 9175231621577675170}
  m_RootOrder: 0
  m_LocalEulerAnglesHint: {x: 0, y: 0, z: 0}
--- !u!1 &4537746607046092747
GameObject:
  m_ObjectHideFlags: 0
  m_CorrespondingSourceObject: {fileID: 0}
  m_PrefabInstance: {fileID: 0}
  m_PrefabAsset: {fileID: 0}
  serializedVersion: 6
  m_Component:
  - component: {fileID: 9085560837461781537}
  - component: {fileID: 6406431013294127909}
  m_Layer: 0
  m_Name: high-polyMesh
  m_TagString: Untagged
  m_Icon: {fileID: 0}
  m_NavMeshLayer: 0
  m_StaticEditorFlags: 0
  m_IsActive: 1
--- !u!4 &9085560837461781537
Transform:
  m_ObjectHideFlags: 0
  m_CorrespondingSourceObject: {fileID: 0}
  m_PrefabInstance: {fileID: 0}
  m_PrefabAsset: {fileID: 0}
  m_GameObject: {fileID: 4537746607046092747}
  m_LocalRotation: {x: 0, y: -0, z: -0, w: 1}
  m_LocalPosition: {x: -0, y: 0, z: 0}
  m_LocalScale: {x: 1, y: 1, z: 1}
  m_Children: []
  m_Father: {fileID: 8024424324106584809}
  m_RootOrder: 1
  m_LocalEulerAnglesHint: {x: 0, y: 0, z: 0}
--- !u!137 &6406431013294127909
SkinnedMeshRenderer:
  m_ObjectHideFlags: 0
  m_CorrespondingSourceObject: {fileID: 0}
  m_PrefabInstance: {fileID: 0}
  m_PrefabAsset: {fileID: 0}
  m_GameObject: {fileID: 4537746607046092747}
  m_Enabled: 1
  m_CastShadows: 1
  m_ReceiveShadows: 1
  m_DynamicOccludee: 1
  m_MotionVectors: 1
  m_LightProbeUsage: 1
  m_ReflectionProbeUsage: 1
  m_RenderingLayerMask: 1
  m_RendererPriority: 0
  m_Materials:
  - {fileID: -5991907188887482076, guid: 81ba17a57ac4f944685aba22f30d88fa, type: 3}
  m_StaticBatchInfo:
    firstSubMesh: 0
    subMeshCount: 0
  m_StaticBatchRoot: {fileID: 0}
  m_ProbeAnchor: {fileID: 0}
  m_LightProbeVolumeOverride: {fileID: 0}
  m_ScaleInLightmap: 1
  m_ReceiveGI: 1
  m_PreserveUVs: 0
  m_IgnoreNormalsForChartDetection: 0
  m_ImportantGI: 0
  m_StitchLightmapSeams: 1
  m_SelectedEditorRenderState: 3
  m_MinimumChartSize: 4
  m_AutoUVMaxDistance: 0.5
  m_AutoUVMaxAngle: 89
  m_LightmapParameters: {fileID: 0}
  m_SortingLayerID: 0
  m_SortingLayer: 0
  m_SortingOrder: 0
  serializedVersion: 2
  m_Quality: 0
  m_UpdateWhenOffscreen: 0
  m_SkinnedMotionVectors: 1
  m_Mesh: {fileID: 5390651540114983754, guid: 81ba17a57ac4f944685aba22f30d88fa, type: 3}
  m_Bones:
  - {fileID: 4438181482538867284}
  m_BlendShapeWeights: []
  m_RootBone: {fileID: 4438181482538867284}
  m_AABB:
    m_Center: {x: 0, y: 0.035751224, z: 0.069158204}
    m_Extent: {x: 0.040243983, y: 0.013766885, z: 0.011012815}
  m_DirtyAABB: 0
--- !u!1 &4859473552664118958
GameObject:
  m_ObjectHideFlags: 0
  m_CorrespondingSourceObject: {fileID: 0}
  m_PrefabInstance: {fileID: 0}
  m_PrefabAsset: {fileID: 0}
  serializedVersion: 6
  m_Component:
  - component: {fileID: 1283022207441839784}
  m_Layer: 0
  m_Name: Neck1
  m_TagString: Untagged
  m_Icon: {fileID: 0}
  m_NavMeshLayer: 0
  m_StaticEditorFlags: 0
  m_IsActive: 1
--- !u!4 &1283022207441839784
Transform:
  m_ObjectHideFlags: 0
  m_CorrespondingSourceObject: {fileID: 0}
  m_PrefabInstance: {fileID: 0}
  m_PrefabAsset: {fileID: 0}
  m_GameObject: {fileID: 4859473552664118958}
  m_LocalRotation: {x: -0.00000006834794, y: 0.0000000011620498, z: 8.103368e-10,
    w: 1}
  m_LocalPosition: {x: -9.681315e-19, y: 0.04309886, z: -1.7081161e-10}
  m_LocalScale: {x: 1, y: 1, z: 1}
  m_Children:
  - {fileID: 4438181482538867284}
  m_Father: {fileID: 6692261000789900060}
  m_RootOrder: 0
  m_LocalEulerAnglesHint: {x: 0, y: 0, z: 0}
--- !u!1 &5711661029729612813
GameObject:
  m_ObjectHideFlags: 0
  m_CorrespondingSourceObject: {fileID: 0}
  m_PrefabInstance: {fileID: 0}
  m_PrefabAsset: {fileID: 0}
  serializedVersion: 6
  m_Component:
  - component: {fileID: 4655898572412073791}
  m_Layer: 0
  m_Name: LeftFoot
  m_TagString: Untagged
  m_Icon: {fileID: 0}
  m_NavMeshLayer: 0
  m_StaticEditorFlags: 0
  m_IsActive: 1
--- !u!4 &4655898572412073791
Transform:
  m_ObjectHideFlags: 0
  m_CorrespondingSourceObject: {fileID: 0}
  m_PrefabInstance: {fileID: 0}
  m_PrefabAsset: {fileID: 0}
  m_GameObject: {fileID: 5711661029729612813}
  m_LocalRotation: {x: -0.61646426, y: 0.02628574, z: 0.033524327, w: 0.7862296}
  m_LocalPosition: {x: 3.3807018e-10, y: 0.33163053, z: -0.0000000016429007}
  m_LocalScale: {x: 1, y: 1, z: 1}
  m_Children:
  - {fileID: 519445807961183837}
  m_Father: {fileID: 7104558756320233903}
  m_RootOrder: 0
  m_LocalEulerAnglesHint: {x: 0, y: 0, z: 0}
--- !u!1 &6010680185757439121
GameObject:
  m_ObjectHideFlags: 0
  m_CorrespondingSourceObject: {fileID: 0}
  m_PrefabInstance: {fileID: 0}
  m_PrefabAsset: {fileID: 0}
  serializedVersion: 6
  m_Component:
  - component: {fileID: 4606039306414557410}
  m_Layer: 0
  m_Name: RightShoulder
  m_TagString: Untagged
  m_Icon: {fileID: 0}
  m_NavMeshLayer: 0
  m_StaticEditorFlags: 0
  m_IsActive: 1
--- !u!4 &4606039306414557410
Transform:
  m_ObjectHideFlags: 0
  m_CorrespondingSourceObject: {fileID: 0}
  m_PrefabInstance: {fileID: 0}
  m_PrefabAsset: {fileID: 0}
  m_GameObject: {fileID: 6010680185757439121}
  m_LocalRotation: {x: -0.18634337, y: -0.14412966, z: -0.7670318, w: 0.5967956}
  m_LocalPosition: {x: 0.017979998, y: 0.101388425, z: 0.031482805}
  m_LocalScale: {x: 1, y: 1, z: 1}
  m_Children:
  - {fileID: 7335838268883700388}
  m_Father: {fileID: 8686051354926905807}
  m_RootOrder: 2
  m_LocalEulerAnglesHint: {x: 0, y: 0, z: 0}
--- !u!1 &6039912907462829059
GameObject:
  m_ObjectHideFlags: 0
  m_CorrespondingSourceObject: {fileID: 0}
  m_PrefabInstance: {fileID: 0}
  m_PrefabAsset: {fileID: 0}
  serializedVersion: 6
  m_Component:
  - component: {fileID: 5202682963100814811}
  m_Layer: 0
  m_Name: LeftShoulder
  m_TagString: Untagged
  m_Icon: {fileID: 0}
  m_NavMeshLayer: 0
  m_StaticEditorFlags: 0
  m_IsActive: 1
--- !u!4 &5202682963100814811
Transform:
  m_ObjectHideFlags: 0
  m_CorrespondingSourceObject: {fileID: 0}
  m_PrefabInstance: {fileID: 0}
  m_PrefabAsset: {fileID: 0}
  m_GameObject: {fileID: 6039912907462829059}
  m_LocalRotation: {x: -0.18634337, y: 0.14412966, z: 0.7670318, w: 0.5967956}
  m_LocalPosition: {x: -0.017979998, y: 0.101388425, z: 0.031482805}
  m_LocalScale: {x: 1, y: 1, z: 1}
  m_Children:
  - {fileID: 9175231621577675170}
  m_Father: {fileID: 8686051354926905807}
  m_RootOrder: 0
  m_LocalEulerAnglesHint: {x: 0, y: 0, z: 0}
--- !u!1 &6076198474675605759
GameObject:
  m_ObjectHideFlags: 0
  m_CorrespondingSourceObject: {fileID: 0}
  m_PrefabInstance: {fileID: 0}
  m_PrefabAsset: {fileID: 0}
  serializedVersion: 6
  m_Component:
  - component: {fileID: 4438181482538867284}
  m_Layer: 0
  m_Name: Head
  m_TagString: Untagged
  m_Icon: {fileID: 0}
  m_NavMeshLayer: 0
  m_StaticEditorFlags: 0
  m_IsActive: 1
--- !u!4 &4438181482538867284
Transform:
  m_ObjectHideFlags: 0
  m_CorrespondingSourceObject: {fileID: 0}
  m_PrefabInstance: {fileID: 0}
  m_PrefabAsset: {fileID: 0}
  m_GameObject: {fileID: 6076198474675605759}
  m_LocalRotation: {x: -0.21512659, y: 0.0000000025504527, z: -2.7160416e-10, w: 0.9765862}
  m_LocalPosition: {x: -4.6492444e-17, y: 0.04309895, z: -0.000000029509355}
  m_LocalScale: {x: 1, y: 1, z: 1}
  m_Children: []
  m_Father: {fileID: 1283022207441839784}
  m_RootOrder: 0
  m_LocalEulerAnglesHint: {x: 0, y: 0, z: 0}
--- !u!1 &6251724220761166046
GameObject:
  m_ObjectHideFlags: 0
  m_CorrespondingSourceObject: {fileID: 0}
  m_PrefabInstance: {fileID: 0}
  m_PrefabAsset: {fileID: 0}
  serializedVersion: 6
  m_Component:
  - component: {fileID: 4010426774789009152}
  m_Layer: 0
  m_Name: LThumb
  m_TagString: Untagged
  m_Icon: {fileID: 0}
  m_NavMeshLayer: 0
  m_StaticEditorFlags: 0
  m_IsActive: 1
--- !u!4 &4010426774789009152
Transform:
  m_ObjectHideFlags: 0
  m_CorrespondingSourceObject: {fileID: 0}
  m_PrefabInstance: {fileID: 0}
  m_PrefabAsset: {fileID: 0}
  m_GameObject: {fileID: 6251724220761166046}
  m_LocalRotation: {x: -0.47300655, y: 0.8262584, z: 0.27811098, w: -0.12734288}
  m_LocalPosition: {x: -0.0013203423, y: 0.03232472, z: 0.01624955}
  m_LocalScale: {x: 1, y: 1, z: 1}
  m_Children: []
  m_Father: {fileID: 1530309671475426353}
  m_RootOrder: 1
  m_LocalEulerAnglesHint: {x: 0, y: 0, z: 0}
--- !u!1 &6258814074476286025
GameObject:
  m_ObjectHideFlags: 0
  m_CorrespondingSourceObject: {fileID: 0}
  m_PrefabInstance: {fileID: 0}
  m_PrefabAsset: {fileID: 0}
  serializedVersion: 6
  m_Component:
  - component: {fileID: 9175231621577675170}
  m_Layer: 0
  m_Name: LeftArm
  m_TagString: Untagged
  m_Icon: {fileID: 0}
  m_NavMeshLayer: 0
  m_StaticEditorFlags: 0
  m_IsActive: 1
--- !u!4 &9175231621577675170
Transform:
  m_ObjectHideFlags: 0
  m_CorrespondingSourceObject: {fileID: 0}
  m_PrefabInstance: {fileID: 0}
  m_PrefabAsset: {fileID: 0}
  m_GameObject: {fileID: 6258814074476286025}
  m_LocalRotation: {x: -0.005762264, y: -0.0418135, z: 0.30189437, w: 0.9524065}
  m_LocalPosition: {x: -0.000000046080384, y: 0.12184868, z: -0.0000000061443215}
  m_LocalScale: {x: 1, y: 1, z: 1}
  m_Children:
  - {fileID: 4550644041300816439}
  m_Father: {fileID: 5202682963100814811}
  m_RootOrder: 0
  m_LocalEulerAnglesHint: {x: 0, y: 0, z: 0}
--- !u!1 &6338356975024766006
GameObject:
  m_ObjectHideFlags: 0
  m_CorrespondingSourceObject: {fileID: 0}
  m_PrefabInstance: {fileID: 0}
  m_PrefabAsset: {fileID: 0}
  serializedVersion: 6
  m_Component:
  - component: {fileID: 2857316746512234135}
  m_Layer: 0
  m_Name: Spine
  m_TagString: Untagged
  m_Icon: {fileID: 0}
  m_NavMeshLayer: 0
  m_StaticEditorFlags: 0
  m_IsActive: 1
--- !u!4 &2857316746512234135
Transform:
  m_ObjectHideFlags: 0
  m_CorrespondingSourceObject: {fileID: 0}
  m_PrefabInstance: {fileID: 0}
  m_PrefabAsset: {fileID: 0}
  m_GameObject: {fileID: 6338356975024766006}
  m_LocalRotation: {x: -0.16552763, y: -1.1845963e-10, z: -6.731846e-11, w: 0.98620516}
  m_LocalPosition: {x: -1.916003e-17, y: 0.11103689, z: -0.000000003939668}
  m_LocalScale: {x: 1, y: 1, z: 1}
  m_Children:
  - {fileID: 8686051354926905807}
  m_Father: {fileID: 7977244584429919465}
  m_RootOrder: 0
  m_LocalEulerAnglesHint: {x: 0, y: 0, z: 0}
--- !u!1 &6415134336658862330
GameObject:
  m_ObjectHideFlags: 0
  m_CorrespondingSourceObject: {fileID: 0}
  m_PrefabInstance: {fileID: 0}
  m_PrefabAsset: {fileID: 0}
  serializedVersion: 6
  m_Component:
  - component: {fileID: 8024424324106584809}
  - component: {fileID: 132425910517510035}
  m_Layer: 0
  m_Name: kids 2
  m_TagString: Untagged
  m_Icon: {fileID: 0}
  m_NavMeshLayer: 0
  m_StaticEditorFlags: 0
  m_IsActive: 1
--- !u!4 &8024424324106584809
Transform:
  m_ObjectHideFlags: 0
  m_CorrespondingSourceObject: {fileID: 0}
  m_PrefabInstance: {fileID: 0}
  m_PrefabAsset: {fileID: 0}
  m_GameObject: {fileID: 6415134336658862330}
  m_LocalRotation: {x: 0, y: 0, z: 0, w: 1}
  m_LocalPosition: {x: -13.201935, y: 0, z: -14.690155}
  m_LocalScale: {x: 1, y: 1, z: 1}
  m_Children:
  - {fileID: 8682653860442245613}
  - {fileID: 9085560837461781537}
  - {fileID: 2592381480816808174}
  - {fileID: 1681571573849855308}
  m_Father: {fileID: 0}
  m_RootOrder: 0
  m_LocalEulerAnglesHint: {x: 0, y: 0, z: 0}
--- !u!95 &132425910517510035
Animator:
  serializedVersion: 3
  m_ObjectHideFlags: 0
  m_CorrespondingSourceObject: {fileID: 0}
  m_PrefabInstance: {fileID: 0}
  m_PrefabAsset: {fileID: 0}
  m_GameObject: {fileID: 6415134336658862330}
  m_Enabled: 1
  m_Avatar: {fileID: 9000000, guid: 81ba17a57ac4f944685aba22f30d88fa, type: 3}
  m_Controller: {fileID: 0}
  m_CullingMode: 1
  m_UpdateMode: 0
  m_ApplyRootMotion: 0
  m_LinearVelocityBlending: 0
  m_WarningMessage: 
  m_HasTransformHierarchy: 1
  m_AllowConstantClipSamplingOptimization: 1
  m_KeepAnimatorControllerStateOnDisable: 0
--- !u!1 &6685751557004908703
GameObject:
  m_ObjectHideFlags: 0
  m_CorrespondingSourceObject: {fileID: 0}
  m_PrefabInstance: {fileID: 0}
  m_PrefabAsset: {fileID: 0}
  serializedVersion: 6
  m_Component:
  - component: {fileID: 8682653860442245613}
  m_Layer: 0
  m_Name: CMU compliant skeleton
  m_TagString: Untagged
  m_Icon: {fileID: 0}
  m_NavMeshLayer: 0
  m_StaticEditorFlags: 0
  m_IsActive: 1
--- !u!4 &8682653860442245613
Transform:
  m_ObjectHideFlags: 0
  m_CorrespondingSourceObject: {fileID: 0}
  m_PrefabInstance: {fileID: 0}
  m_PrefabAsset: {fileID: 0}
  m_GameObject: {fileID: 6685751557004908703}
  m_LocalRotation: {x: 0, y: -0, z: -0, w: 1}
  m_LocalPosition: {x: -0, y: 0, z: 0}
  m_LocalScale: {x: 1, y: 1, z: 1}
  m_Children:
  - {fileID: 1592127071605251465}
  m_Father: {fileID: 8024424324106584809}
  m_RootOrder: 0
  m_LocalEulerAnglesHint: {x: 0, y: 0, z: 0}
--- !u!1 &7189062234400806460
GameObject:
  m_ObjectHideFlags: 0
  m_CorrespondingSourceObject: {fileID: 0}
  m_PrefabInstance: {fileID: 0}
  m_PrefabAsset: {fileID: 0}
  serializedVersion: 6
  m_Component:
  - component: {fileID: 5074835904304653534}
  m_Layer: 0
  m_Name: RHipJoint
  m_TagString: Untagged
  m_Icon: {fileID: 0}
  m_NavMeshLayer: 0
  m_StaticEditorFlags: 0
  m_IsActive: 1
--- !u!4 &5074835904304653534
Transform:
  m_ObjectHideFlags: 0
  m_CorrespondingSourceObject: {fileID: 0}
  m_PrefabInstance: {fileID: 0}
  m_PrefabAsset: {fileID: 0}
  m_GameObject: {fileID: 7189062234400806460}
  m_LocalRotation: {x: 0.54711086, y: 0.54906666, z: -0.47305778, w: 0.41882202}
  m_LocalPosition: {x: -2.0679514e-26, y: 0, z: -4.4408918e-17}
  m_LocalScale: {x: 1, y: 1, z: 1}
  m_Children:
  - {fileID: 5650455173036370296}
  m_Father: {fileID: 1592127071605251465}
  m_RootOrder: 2
  m_LocalEulerAnglesHint: {x: 0, y: 0, z: 0}
--- !u!1 &7326423612177252585
GameObject:
  m_ObjectHideFlags: 0
  m_CorrespondingSourceObject: {fileID: 0}
  m_PrefabInstance: {fileID: 0}
  m_PrefabAsset: {fileID: 0}
  serializedVersion: 6
  m_Component:
  - component: {fileID: 1592127071605251465}
  m_Layer: 0
  m_Name: Hips
  m_TagString: Untagged
  m_Icon: {fileID: 0}
  m_NavMeshLayer: 0
  m_StaticEditorFlags: 0
  m_IsActive: 1
--- !u!4 &1592127071605251465
Transform:
  m_ObjectHideFlags: 0
  m_CorrespondingSourceObject: {fileID: 0}
  m_PrefabInstance: {fileID: 0}
  m_PrefabAsset: {fileID: 0}
  m_GameObject: {fileID: 7326423612177252585}
  m_LocalRotation: {x: -0.20588872, y: 2.0064408e-10, z: 1.3877528e-10, w: 0.9785754}
  m_LocalPosition: {x: 2.3283063e-11, y: 0.65888613, z: 0.008256012}
  m_LocalScale: {x: 1, y: 1, z: 1}
  m_Children:
  - {fileID: 3568800166231958109}
  - {fileID: 7977244584429919465}
  - {fileID: 5074835904304653534}
  m_Father: {fileID: 8682653860442245613}
  m_RootOrder: 0
  m_LocalEulerAnglesHint: {x: 0, y: 0, z: 0}
--- !u!1 &7498262281448341604
GameObject:
  m_ObjectHideFlags: 0
  m_CorrespondingSourceObject: {fileID: 0}
  m_PrefabInstance: {fileID: 0}
  m_PrefabAsset: {fileID: 0}
  serializedVersion: 6
  m_Component:
  - component: {fileID: 519445807961183837}
  m_Layer: 0
  m_Name: LeftToeBase
  m_TagString: Untagged
  m_Icon: {fileID: 0}
  m_NavMeshLayer: 0
  m_StaticEditorFlags: 0
  m_IsActive: 1
--- !u!4 &519445807961183837
Transform:
  m_ObjectHideFlags: 0
  m_CorrespondingSourceObject: {fileID: 0}
  m_PrefabInstance: {fileID: 0}
  m_PrefabAsset: {fileID: 0}
  m_GameObject: {fileID: 7498262281448341604}
  m_LocalRotation: {x: -0.091229044, y: 0.0006927683, z: -0.01367491, w: 0.9957358}
  m_LocalPosition: {x: -3.4256797e-10, y: 0.111716434, z: 0.0000000029463405}
  m_LocalScale: {x: 1, y: 1, z: 1}
  m_Children: []
  m_Father: {fileID: 4655898572412073791}
  m_RootOrder: 0
  m_LocalEulerAnglesHint: {x: 0, y: 0, z: 0}
--- !u!1 &7946099785960483949
GameObject:
  m_ObjectHideFlags: 0
  m_CorrespondingSourceObject: {fileID: 0}
  m_PrefabInstance: {fileID: 0}
  m_PrefabAsset: {fileID: 0}
  serializedVersion: 6
  m_Component:
  - component: {fileID: 8686051354926905807}
  m_Layer: 0
  m_Name: Spine1
  m_TagString: Untagged
  m_Icon: {fileID: 0}
  m_NavMeshLayer: 0
  m_StaticEditorFlags: 0
  m_IsActive: 1
--- !u!4 &8686051354926905807
Transform:
  m_ObjectHideFlags: 0
  m_CorrespondingSourceObject: {fileID: 0}
  m_PrefabInstance: {fileID: 0}
  m_PrefabAsset: {fileID: 0}
  m_GameObject: {fileID: 7946099785960483949}
  m_LocalRotation: {x: 0.28779227, y: 3.8640702e-11, z: 5.481297e-10, w: 0.9576929}
  m_LocalPosition: {x: 4.53456e-19, y: 0.11382667, z: 0.0000000011369482}
  m_LocalScale: {x: 1, y: 1, z: 1}
  m_Children:
  - {fileID: 5202682963100814811}
  - {fileID: 6692261000789900060}
  - {fileID: 4606039306414557410}
  m_Father: {fileID: 2857316746512234135}
  m_RootOrder: 0
  m_LocalEulerAnglesHint: {x: 0, y: 0, z: 0}
--- !u!1 &8316256148140687356
GameObject:
  m_ObjectHideFlags: 0
  m_CorrespondingSourceObject: {fileID: 0}
  m_PrefabInstance: {fileID: 0}
  m_PrefabAsset: {fileID: 0}
  serializedVersion: 6
  m_Component:
  - component: {fileID: 4397031950379703440}
  m_Layer: 0
  m_Name: RightLeg
  m_TagString: Untagged
  m_Icon: {fileID: 0}
  m_NavMeshLayer: 0
  m_StaticEditorFlags: 0
  m_IsActive: 1
--- !u!4 &4397031950379703440
Transform:
  m_ObjectHideFlags: 0
  m_CorrespondingSourceObject: {fileID: 0}
  m_PrefabInstance: {fileID: 0}
  m_PrefabAsset: {fileID: 0}
  m_GameObject: {fileID: 8316256148140687356}
  m_LocalRotation: {x: 0.09885512, y: -0.004904457, z: 0.00073655264, w: 0.9950895}
  m_LocalPosition: {x: -9.551154e-10, y: 0.27458248, z: -0.0000000013935962}
  m_LocalScale: {x: 1, y: 1, z: 1}
  m_Children:
  - {fileID: 13676529470871239}
  m_Father: {fileID: 5650455173036370296}
  m_RootOrder: 0
  m_LocalEulerAnglesHint: {x: 0, y: 0, z: 0}
--- !u!1 &8460873289258690727
GameObject:
  m_ObjectHideFlags: 0
  m_CorrespondingSourceObject: {fileID: 0}
  m_PrefabInstance: {fileID: 0}
  m_PrefabAsset: {fileID: 0}
  serializedVersion: 6
  m_Component:
  - component: {fileID: 1469197133904007559}
  m_Layer: 0
  m_Name: RightToeBase
  m_TagString: Untagged
  m_Icon: {fileID: 0}
  m_NavMeshLayer: 0
  m_StaticEditorFlags: 0
  m_IsActive: 1
--- !u!4 &1469197133904007559
Transform:
  m_ObjectHideFlags: 0
  m_CorrespondingSourceObject: {fileID: 0}
  m_PrefabInstance: {fileID: 0}
  m_PrefabAsset: {fileID: 0}
  m_GameObject: {fileID: 8460873289258690727}
  m_LocalRotation: {x: -0.091229044, y: -0.0006927683, z: 0.01367491, w: 0.9957358}
  m_LocalPosition: {x: 3.4256797e-10, y: 0.111716434, z: 0.0000000029463405}
  m_LocalScale: {x: 1, y: 1, z: 1}
  m_Children: []
  m_Father: {fileID: 13676529470871239}
  m_RootOrder: 0
  m_LocalEulerAnglesHint: {x: 0, y: 0, z: 0}
--- !u!1 &8473601935731438614
GameObject:
  m_ObjectHideFlags: 0
  m_CorrespondingSourceObject: {fileID: 0}
  m_PrefabInstance: {fileID: 0}
  m_PrefabAsset: {fileID: 0}
  serializedVersion: 6
  m_Component:
  - component: {fileID: 6692261000789900060}
  m_Layer: 0
  m_Name: Neck
  m_TagString: Untagged
  m_Icon: {fileID: 0}
  m_NavMeshLayer: 0
  m_StaticEditorFlags: 0
  m_IsActive: 1
--- !u!4 &6692261000789900060
Transform:
  m_ObjectHideFlags: 0
  m_CorrespondingSourceObject: {fileID: 0}
  m_PrefabInstance: {fileID: 0}
  m_PrefabAsset: {fileID: 0}
  m_GameObject: {fileID: 8473601935731438614}
  m_LocalRotation: {x: 0.041792113, y: -0.0000000037554138, z: -5.0786697e-10, w: 0.9991263}
  m_LocalPosition: {x: -3.116517e-17, y: 0.14763038, z: 0.000000017012761}
  m_LocalScale: {x: 1, y: 1, z: 1}
  m_Children:
  - {fileID: 1283022207441839784}
  m_Father: {fileID: 8686051354926905807}
  m_RootOrder: 1
  m_LocalEulerAnglesHint: {x: 0, y: 0, z: 0}
--- !u!1 &8555528773815790629
GameObject:
  m_ObjectHideFlags: 0
  m_CorrespondingSourceObject: {fileID: 0}
  m_PrefabInstance: {fileID: 0}
  m_PrefabAsset: {fileID: 0}
  serializedVersion: 6
  m_Component:
  - component: {fileID: 1681571573849855308}
  - component: {fileID: 5948273616763883487}
  m_Layer: 0
  m_Name: proxy741Mesh
  m_TagString: Untagged
  m_Icon: {fileID: 0}
  m_NavMeshLayer: 0
  m_StaticEditorFlags: 0
  m_IsActive: 1
--- !u!4 &1681571573849855308
Transform:
  m_ObjectHideFlags: 0
  m_CorrespondingSourceObject: {fileID: 0}
  m_PrefabInstance: {fileID: 0}
  m_PrefabAsset: {fileID: 0}
  m_GameObject: {fileID: 8555528773815790629}
  m_LocalRotation: {x: 0, y: -0, z: -0, w: 1}
  m_LocalPosition: {x: -0, y: 0, z: 0}
  m_LocalScale: {x: 1, y: 1, z: 1}
  m_Children: []
  m_Father: {fileID: 8024424324106584809}
  m_RootOrder: 3
  m_LocalEulerAnglesHint: {x: 0, y: 0, z: 0}
--- !u!137 &5948273616763883487
SkinnedMeshRenderer:
  m_ObjectHideFlags: 0
  m_CorrespondingSourceObject: {fileID: 0}
  m_PrefabInstance: {fileID: 0}
  m_PrefabAsset: {fileID: 0}
  m_GameObject: {fileID: 8555528773815790629}
  m_Enabled: 1
  m_CastShadows: 1
  m_ReceiveShadows: 1
  m_DynamicOccludee: 1
  m_MotionVectors: 1
  m_LightProbeUsage: 1
  m_ReflectionProbeUsage: 1
  m_RenderingLayerMask: 1
  m_RendererPriority: 0
  m_Materials:
  - {fileID: 2100000, guid: e7391b36299baa542ad81c0e63367fcb, type: 2}
  m_StaticBatchInfo:
    firstSubMesh: 0
    subMeshCount: 0
  m_StaticBatchRoot: {fileID: 0}
  m_ProbeAnchor: {fileID: 0}
  m_LightProbeVolumeOverride: {fileID: 0}
  m_ScaleInLightmap: 1
  m_ReceiveGI: 1
  m_PreserveUVs: 0
  m_IgnoreNormalsForChartDetection: 0
  m_ImportantGI: 0
  m_StitchLightmapSeams: 1
  m_SelectedEditorRenderState: 3
  m_MinimumChartSize: 4
  m_AutoUVMaxDistance: 0.5
  m_AutoUVMaxAngle: 89
  m_LightmapParameters: {fileID: 0}
  m_SortingLayerID: 0
  m_SortingLayer: 0
  m_SortingOrder: 0
  serializedVersion: 2
  m_Quality: 0
  m_UpdateWhenOffscreen: 0
  m_SkinnedMotionVectors: 1
  m_Mesh: {fileID: 47584196245213061, guid: 81ba17a57ac4f944685aba22f30d88fa, type: 3}
  m_Bones:
  - {fileID: 1592127071605251465}
  - {fileID: 3568800166231958109}
  - {fileID: 7977244584429919465}
  - {fileID: 5074835904304653534}
  - {fileID: 9176915160894625525}
  - {fileID: 2857316746512234135}
  - {fileID: 5650455173036370296}
  - {fileID: 7104558756320233903}
  - {fileID: 8686051354926905807}
  - {fileID: 4397031950379703440}
  - {fileID: 4655898572412073791}
  - {fileID: 5202682963100814811}
  - {fileID: 6692261000789900060}
  - {fileID: 4606039306414557410}
  - {fileID: 13676529470871239}
  - {fileID: 519445807961183837}
  - {fileID: 9175231621577675170}
  - {fileID: 1283022207441839784}
  - {fileID: 7335838268883700388}
  - {fileID: 1469197133904007559}
  - {fileID: 4550644041300816439}
  - {fileID: 4438181482538867284}
  - {fileID: 8494638092340016550}
  - {fileID: 1530309671475426353}
  - {fileID: 2929399809285279215}
  - {fileID: 4010426774789009152}
  - {fileID: 6653926807952769846}
  - {fileID: 8214203224103236672}
  - {fileID: 1413340079946567898}
  - {fileID: 1961406918763251304}
  - {fileID: 1442459089324095850}
  m_BlendShapeWeights: []
  m_RootBone: {fileID: 1592127071605251465}
  m_AABB:
    m_Center: {x: 0.000000029802322, y: -0.03877178, z: 0.0057299733}
    m_Extent: {x: 0.43052986, y: 0.63586855, z: 0.36823118}
  m_DirtyAABB: 0
--- !u!1 &8815155033293433152
GameObject:
  m_ObjectHideFlags: 0
  m_CorrespondingSourceObject: {fileID: 0}
  m_PrefabInstance: {fileID: 0}
  m_PrefabAsset: {fileID: 0}
  serializedVersion: 6
  m_Component:
  - component: {fileID: 1961406918763251304}
  m_Layer: 0
  m_Name: LeftHandFinger1
  m_TagString: Untagged
  m_Icon: {fileID: 0}
  m_NavMeshLayer: 0
  m_StaticEditorFlags: 0
  m_IsActive: 1
--- !u!4 &1961406918763251304
Transform:
  m_ObjectHideFlags: 0
  m_CorrespondingSourceObject: {fileID: 0}
  m_PrefabInstance: {fileID: 0}
  m_PrefabAsset: {fileID: 0}
  m_GameObject: {fileID: 8815155033293433152}
  m_LocalRotation: {x: 0.12881324, y: 0.004125124, z: 0.050730996, w: 0.9903618}
  m_LocalPosition: {x: -0.0000000036720158, y: 0.059047714, z: 0.000000004910856}
  m_LocalScale: {x: 1, y: 1, z: 1}
  m_Children: []
  m_Father: {fileID: 6653926807952769846}
  m_RootOrder: 0
  m_LocalEulerAnglesHint: {x: 0, y: 0, z: 0}
--- !u!1 &8838254990184879478
GameObject:
  m_ObjectHideFlags: 0
  m_CorrespondingSourceObject: {fileID: 0}
  m_PrefabInstance: {fileID: 0}
  m_PrefabAsset: {fileID: 0}
  serializedVersion: 6
  m_Component:
  - component: {fileID: 2592381480816808174}
  - component: {fileID: 8970903373520212754}
  m_Layer: 0
  m_Name: male_casualsuit03Mesh
  m_TagString: Untagged
  m_Icon: {fileID: 0}
  m_NavMeshLayer: 0
  m_StaticEditorFlags: 0
  m_IsActive: 1
--- !u!4 &2592381480816808174
Transform:
  m_ObjectHideFlags: 0
  m_CorrespondingSourceObject: {fileID: 0}
  m_PrefabInstance: {fileID: 0}
  m_PrefabAsset: {fileID: 0}
  m_GameObject: {fileID: 8838254990184879478}
  m_LocalRotation: {x: 0, y: -0, z: -0, w: 1}
  m_LocalPosition: {x: -0, y: 0, z: 0}
  m_LocalScale: {x: 1, y: 1, z: 1}
  m_Children: []
  m_Father: {fileID: 8024424324106584809}
  m_RootOrder: 2
  m_LocalEulerAnglesHint: {x: 0, y: 0, z: 0}
--- !u!137 &8970903373520212754
SkinnedMeshRenderer:
  m_ObjectHideFlags: 0
  m_CorrespondingSourceObject: {fileID: 0}
  m_PrefabInstance: {fileID: 0}
  m_PrefabAsset: {fileID: 0}
  m_GameObject: {fileID: 8838254990184879478}
  m_Enabled: 1
  m_CastShadows: 1
  m_ReceiveShadows: 1
  m_DynamicOccludee: 1
  m_MotionVectors: 1
  m_LightProbeUsage: 1
  m_ReflectionProbeUsage: 1
  m_RenderingLayerMask: 1
  m_RendererPriority: 0
  m_Materials:
  - {fileID: 2100000, guid: 3bada84cc28002a4bab8eb40f5e33ed5, type: 2}
  m_StaticBatchInfo:
    firstSubMesh: 0
    subMeshCount: 0
  m_StaticBatchRoot: {fileID: 0}
  m_ProbeAnchor: {fileID: 0}
  m_LightProbeVolumeOverride: {fileID: 0}
  m_ScaleInLightmap: 1
  m_ReceiveGI: 1
  m_PreserveUVs: 0
  m_IgnoreNormalsForChartDetection: 0
  m_ImportantGI: 0
  m_StitchLightmapSeams: 1
  m_SelectedEditorRenderState: 3
  m_MinimumChartSize: 4
  m_AutoUVMaxDistance: 0.5
  m_AutoUVMaxAngle: 89
  m_LightmapParameters: {fileID: 0}
  m_SortingLayerID: 0
  m_SortingLayer: 0
  m_SortingOrder: 0
  serializedVersion: 2
  m_Quality: 0
  m_UpdateWhenOffscreen: 0
  m_SkinnedMotionVectors: 1
  m_Mesh: {fileID: -8128837174943056851, guid: 81ba17a57ac4f944685aba22f30d88fa, type: 3}
  m_Bones:
  - {fileID: 1592127071605251465}
  - {fileID: 3568800166231958109}
  - {fileID: 7977244584429919465}
  - {fileID: 5074835904304653534}
  - {fileID: 9176915160894625525}
  - {fileID: 2857316746512234135}
  - {fileID: 5650455173036370296}
  - {fileID: 7104558756320233903}
  - {fileID: 8686051354926905807}
  - {fileID: 4397031950379703440}
  - {fileID: 4655898572412073791}
  - {fileID: 5202682963100814811}
  - {fileID: 6692261000789900060}
  - {fileID: 4606039306414557410}
  - {fileID: 13676529470871239}
  - {fileID: 9175231621577675170}
  - {fileID: 1283022207441839784}
  - {fileID: 7335838268883700388}
  - {fileID: 4550644041300816439}
  - {fileID: 4438181482538867284}
  - {fileID: 8494638092340016550}
  - {fileID: 1530309671475426353}
  - {fileID: 2929399809285279215}
  - {fileID: 4010426774789009152}
  - {fileID: 6653926807952769846}
  - {fileID: 8214203224103236672}
  - {fileID: 1413340079946567898}
  m_BlendShapeWeights: []
  m_RootBone: {fileID: 1592127071605251465}
  m_AABB:
    m_Center: {x: 0.0008446574, y: -0.08352846, z: -0.005469173}
    m_Extent: {x: 0.40646583, y: 0.5337379, z: 0.33475313}
  m_DirtyAABB: 0
--- !u!1 &9176101689582984782
GameObject:
  m_ObjectHideFlags: 0
  m_CorrespondingSourceObject: {fileID: 0}
  m_PrefabInstance: {fileID: 0}
  m_PrefabAsset: {fileID: 0}
  serializedVersion: 6
  m_Component:
  - component: {fileID: 8214203224103236672}
  m_Layer: 0
  m_Name: RThumb
  m_TagString: Untagged
  m_Icon: {fileID: 0}
  m_NavMeshLayer: 0
  m_StaticEditorFlags: 0
  m_IsActive: 1
--- !u!4 &8214203224103236672
Transform:
  m_ObjectHideFlags: 0
  m_CorrespondingSourceObject: {fileID: 0}
  m_PrefabInstance: {fileID: 0}
  m_PrefabAsset: {fileID: 0}
  m_GameObject: {fileID: 9176101689582984782}
  m_LocalRotation: {x: 0.47300655, y: 0.8262584, z: 0.27811098, w: 0.12734288}
  m_LocalPosition: {x: 0.0013203423, y: 0.03232472, z: 0.01624955}
  m_LocalScale: {x: 1, y: 1, z: 1}
  m_Children: []
  m_Father: {fileID: 2929399809285279215}
  m_RootOrder: 1
  m_LocalEulerAnglesHint: {x: 0, y: 0, z: 0}
